<?xml version="1.0" encoding="UTF-8"?><collection xmlns="http://www.loc.gov/MARC21/slim"><record><leader>00479nam--2200169-u-4500</leader><controlfield tag="001">000056373</controlfield><controlfield tag="002">20161230</controlfield><controlfield tag="005">20161230201052</controlfield><controlfield tag="008">150812s1000------------r-----000-0-eng-d</controlfield><datafield ind1=" " ind2=" " tag="040"><subfield code="a">IFIN-HH</subfield></datafield><datafield ind1=" " ind2=" " tag="080"><subfield code="a">53(082)</subfield></datafield><datafield ind1="1" ind2=" " tag="110"><subfield code="a">Estonian Academu Of Sciences</subfield></datafield><datafield ind1="1" ind2="0" tag="245"><subfield code="a">From works of soviet estonian physicists. proceedings of the section of exact sciences. v</subfield></datafield><datafield ind1=" " ind2=" " tag="260"><subfield code="a">Tallin</subfield><subfield code="b">Kirjastus Valgus</subfield><subfield code="c">1968</subfield></datafield><datafield ind1=" " ind2=" " tag="300"><subfield code="a">84P</subfield></datafield><datafield ind1=" " ind2=" " tag="852"><subfield code="a">75414</subfield><subfield code="c">53</subfield></datafield><datafield ind1=" " ind2=" " tag="CAT"><subfield code="a">Sys</subfield><subfield code="c">20150812</subfield><subfield code="h">094005</subfield></datafield></record></collection>